@Manual{R-2021,
 title = {R: A Language and Environment for Statistical Computing},
 author = {{R Core Team}},
 organization = {R Foundation for Statistical Computing},
 address = {Vienna, Austria},
 year = {2021},
 url = {https://www.R-project.org/},
  }

 @Book{ggplot2-2016,
    author = {Hadley Wickham},
    title = {ggplot2: Elegant Graphics for Data Analysis},
    publisher = {Springer-Verlag New York},
    year = {2016},
    isbn = {978-3-319-24277-4},
    url = {https://ggplot2.tidyverse.org},
  }

@article{Student-1908,
  title={The probable error of a mean},
  author={Student},
  journal={Biometrika},
  pages={1--25},
  year={1908},
  publisher={JSTOR}
} 

@book{Girdern-1992,
  title={ANOVA: Repeated measures},
  author={Girden, Ellen R},
  number={84},
  year={1992},
  publisher={Sage}
} 

@Inbook{LSD-2008,
title="Least Significant Difference Test",
bookTitle="The Concise Encyclopedia of Statistics",
year="2008",
publisher="Springer New York",
address="New York, NY",
pages="302--304",
isbn="978-0-387-32833-1",
doi="10.1007/978-0-387-32833-1_226",
url="https://doi.org/10.1007/978-0-387-32833-1_226"
}

@Inbook{Haynes-2013,
author="Haynes, Winston",
editor="Dubitzky, Werner
and Wolkenhauer, Olaf
and Cho, Kwang-Hyun
and Yokota, Hiroki",
title="Tukey's Test",
bookTitle="Encyclopedia of Systems Biology",
year="2013",
publisher="Springer New York",
address="New York, NY",
pages="2303--2304",
isbn="978-1-4419-9863-7",
doi="10.1007/978-1-4419-9863-7_1212",
url="https://doi.org/10.1007/978-1-4419-9863-7_1212"
}

